<record><leader>00000cas a22000007a 4500</leader><controlfield tag="001">11774112</controlfield><controlfield tag="008">850307d18791902mauwr ne      0    0eng d</controlfield><datafield ind1=" " ind2=" " tag="010"><subfield code="a">sn 85033015 </subfield></datafield><datafield ind1=" " ind2=" " tag="040"><subfield code="a">NPU</subfield><subfield code="b">eng</subfield><subfield code="c">NPU</subfield><subfield code="d">MGN</subfield><subfield code="d">OCLCQ</subfield></datafield><datafield ind1=" " ind2=" " tag="042"><subfield code="a">msc</subfield></datafield><datafield ind1="0" ind2=" " tag="130"><subfield code="a">Valley gleaner (Lee, Mass. : 1879)</subfield></datafield><datafield ind1="1" ind2="4" tag="245"><subfield code="a">The Valley gleaner.</subfield></datafield><datafield ind1="1" ind2="7" tag="246"><subfield code="a">Gleaner &amp; advocate</subfield></datafield><datafield ind1="3" ind2="0" tag="246"><subfield code="a">Gleaner and advocate</subfield></datafield><datafield ind1=" " ind2=" " tag="260"><subfield code="a">Lee, Mass. :</subfield><subfield code="b">Rockwell &amp; Hill</subfield></datafield><datafield ind1=" " ind2=" " tag="300"><subfield code="a">v.</subfield></datafield><datafield ind1=" " ind2=" " tag="310"><subfield code="a">Weekly</subfield></datafield><datafield ind1="0" ind2=" " tag="362"><subfield code="a">Vol. 23, no. 1 (Jan. 1, 1879)-v. 46, no. 50 (Dec. 17, 1902).</subfield></datafield><datafield ind1=" " ind2=" " tag="752"><subfield code="a">United States</subfield><subfield code="b">Massachusetts</subfield><subfield code="c">Berkshire</subfield><subfield code="d">Lee.</subfield></datafield><datafield ind1="0" ind2="0" tag="780"><subfield code="t">Valley gleaner and Berkshire farmers' advocate</subfield><subfield code="w">(DLC)sn 83020542</subfield></datafield><datafield ind1="0" ind2="0" tag="785"><subfield code="t">Berkshire gleaner</subfield><subfield code="w">(DLC)sn 86071613</subfield></datafield></record>